<record><leader>00000cas a22000007a 4500</leader><controlfield tag="001">24242435</controlfield><controlfield tag="008">910816d18881uuuncuwr ne      0    0eng d</controlfield><datafield ind1=" " ind2=" " tag="010"><subfield code="a">sn 91068265 </subfield></datafield><datafield ind1=" " ind2=" " tag="040"><subfield code="a">NVJ</subfield><subfield code="b">eng</subfield><subfield code="c">NVJ</subfield><subfield code="d">OCLCQ</subfield><subfield code="d">OCLCF</subfield><subfield code="d">OCLCO</subfield></datafield><datafield ind1="1" ind2=" " tag="029"><subfield code="a">AU@</subfield><subfield code="b">000020736225</subfield></datafield><datafield ind1=" " ind2=" " tag="042"><subfield code="a">msc</subfield></datafield><datafield ind1=" " ind2=" " tag="043"><subfield code="a">n-us-nc</subfield></datafield><datafield ind1="0" ind2=" " tag="130"><subfield code="a">Standard (Concord, N.C.)</subfield></datafield><datafield ind1="1" ind2="4" tag="245"><subfield code="a">The standard.</subfield></datafield><datafield ind1=" " ind2=" " tag="260"><subfield code="a">Concord, N.C. :</subfield><subfield code="b">Anthony &amp; Cross</subfield></datafield><datafield ind1=" " ind2=" " tag="300"><subfield code="a">v.</subfield></datafield><datafield ind1=" " ind2=" " tag="310"><subfield code="a">Weekly</subfield></datafield><datafield ind1="0" ind2=" " tag="362"><subfield code="a">Vol. 1, no. 1 (Jan. 14, 1888)-</subfield></datafield><datafield ind1=" " ind2=" " tag="515"><subfield code="a">Some issues carry also whole numbering: Vol. 2, no. 1 (Jan. 18, 1889) = whole no. 53-</subfield></datafield><datafield ind1=" " ind2=" " tag="580"><subfield code="a">Daily eds.: Daily standard (Concord, N.C.), 1890-1895, and: Daily Concord standard, 1895-</subfield></datafield><datafield ind1=" " ind2="0" tag="651"><subfield code="a">Concord (N.C.)</subfield><subfield code="v">Newspapers.</subfield></datafield><datafield ind1=" " ind2="0" tag="651"><subfield code="a">Cabarrus County (N.C.)</subfield><subfield code="v">Newspapers.</subfield></datafield><datafield ind1=" " ind2="7" tag="655"><subfield code="a">Newspapers.</subfield><subfield code="2">fast</subfield><subfield code="0">(OCoLC)fst01423814</subfield></datafield><datafield ind1=" " ind2="7" tag="651"><subfield code="a">North Carolina</subfield><subfield code="z">Cabarrus County.</subfield><subfield code="2">fast</subfield><subfield code="0">(OCoLC)fst01218236</subfield></datafield><datafield ind1=" " ind2="7" tag="651"><subfield code="a">North Carolina</subfield><subfield code="z">Concord.</subfield><subfield code="2">fast</subfield><subfield code="0">(OCoLC)fst01220053</subfield></datafield><datafield ind1=" " ind2=" " tag="752"><subfield code="a">United States</subfield><subfield code="b">North Carolina</subfield><subfield code="c">Cabarrus</subfield><subfield code="d">Concord.</subfield></datafield><datafield ind1="1" ind2=" " tag="775"><subfield code="t">Daily standard (Concord, N.C.)</subfield><subfield code="w">(DLC)sn 91068266</subfield></datafield><datafield ind1="1" ind2=" " tag="775"><subfield code="t">Daily Concord standard</subfield><subfield code="w">(DLC)sn 91068267</subfield></datafield></record>